@inproceedings{hannink2014crossing,
	title={Crossing-preserving multi-scale vesselness},
	author={Hannink, Julius and Duits, Remco and Bekkers, Erik},
	booktitle={International Conference on Medical Image Computing and Computer-Assisted Intervention},
	pages={603--610},
	year={2014},
	organization={Springer}
}

@inproceedings{frangi1998multiscale,
	title={Multiscale vessel enhancement filtering},
	author={Frangi, Alejandro F and Niessen, Wiro J and Vincken, Koen L and Viergever, Max A},
	booktitle={International Conference on Medical Image Computing and Computer-Assisted Intervention},
	pages={130--137},
	year={1998},
	organization={Springer}
}

@article{franken2008enhancement,
	title={Enhancement of crossing elongated structures in images},
	author={Franken, Erik M},
	journal={Eindhoven University of Technology. Eindhoven, The Netherlands},
	year={2008}
}